<record xmlns="http://www.loc.gov/MARC21/slim" xmlns:xsi="http://www.w3.org/2001/XMLSchema-instance" xsi:schemaLocation="http://www.loc.gov/MARC21/slim http://www.loc.gov/standards/marcxml/schema/MARC21slim.xsd"><leader>00464nz   2200133n  4500</leader><controlfield tag="001">oca03904472 </controlfield><controlfield tag="005">19950823061015.8</controlfield><controlfield tag="008">950821n| acannaab|          |a aaa     c</controlfield><datafield ind1=" " ind2=" " tag="010"><subfield code="a">nr 95030658 </subfield></datafield><datafield ind1=" " ind2=" " tag="040"><subfield code="a">CMalG</subfield><subfield code="c">CMalG</subfield></datafield><datafield ind1="0" ind2=" " tag="100"><subfield code="a">Simmias,</subfield><subfield code="c">of Rhodes,</subfield><subfield code="d">fl. 300 B.C.</subfield></datafield><datafield ind1="0" ind2=" " tag="400"><subfield code="a">Simias,</subfield><subfield code="c">of Rhodes,</subfield><subfield code="d">fl. 300 B.C.</subfield></datafield><datafield ind1=" " ind2=" " tag="670"><subfield code="a">Liceti, F. Ad Epei securim, 1637:</subfield><subfield code="b">p. 1 (a Simmias Rhodio)</subfield></datafield><datafield ind1=" " ind2=" " tag="670"><subfield code="a">Greek bucoli poets, 1977:</subfield><subfield code="b">p. 487 (Simias of Rhodes, flourished about 300 B. C.)</subfield></datafield></record>